<record><leader>00000cas a2200000 a 4500</leader><controlfield tag="001">9179734</controlfield><controlfield tag="008">830201d18391847kyuwr ne      0    0eng  </controlfield><datafield ind1=" " ind2=" " tag="010"><subfield code="a">sn 82016163 </subfield></datafield><datafield ind1=" " ind2=" " tag="040"><subfield code="a">DLC</subfield><subfield code="b">eng</subfield><subfield code="c">DLC</subfield><subfield code="d">KNP</subfield><subfield code="d">DLC</subfield><subfield code="d">KNP</subfield><subfield code="d">NYS</subfield><subfield code="d">NVF</subfield><subfield code="d">KNP</subfield><subfield code="d">NVF</subfield><subfield code="d">OCL</subfield><subfield code="d">ATL</subfield><subfield code="d">OCLCQ</subfield><subfield code="d">OCLCO</subfield><subfield code="d">OCLCF</subfield></datafield><datafield ind1="1" ind2=" " tag="029"><subfield code="a">AU@</subfield><subfield code="b">000020120563</subfield></datafield><datafield ind1=" " ind2=" " tag="042"><subfield code="a">pcc</subfield></datafield><datafield ind1=" " ind2=" " tag="043"><subfield code="a">n-us-ky</subfield><subfield code="a">n-us-in</subfield></datafield><datafield ind1="0" ind2="0" tag="050"><subfield code="a">Newspaper</subfield></datafield><datafield ind1=" " ind2="4" tag="050"><subfield code="a">BX6201</subfield></datafield><datafield ind1="0" ind2="0" tag="245"><subfield code="a">Baptist banner and western pioneer.</subfield></datafield><datafield ind1="1" ind2="3" tag="246"><subfield code="a">Banner and pioneer</subfield></datafield><datafield ind1="1" ind2="3" tag="246"><subfield code="a">Banner &amp; pioneer</subfield></datafield><datafield ind1=" " ind2=" " tag="260"><subfield code="a">Louisville, Ky. :</subfield><subfield code="b">J. Eliot &amp; Co. ;</subfield><subfield code="a">New Albany, Ind. :</subfield><subfield code="b">Thos. B. Walker</subfield></datafield><datafield ind1=" " ind2=" " tag="300"><subfield code="a">v. ;</subfield><subfield code="c">58 cm.</subfield></datafield><datafield ind1=" " ind2=" " tag="310"><subfield code="a">Weekly</subfield></datafield><datafield ind1="1" ind2=" " tag="362"><subfield code="a">Began in 1839.</subfield></datafield><datafield ind1="0" ind2=" " tag="362"><subfield code="a">-v. 14, no. 421 (Dec. 23, 1847).</subfield></datafield><datafield ind1=" " ind2=" " tag="500"><subfield code="a">Published also in New Albany, Ind., &lt;Jan. 17-Dec. 19, 1839&gt;.</subfield></datafield><datafield ind1=" " ind2=" " tag="515"><subfield code="a">Numbering very irregular: issues for Mar. 7, 1839-Mar. 21, 1839 called v. 4, no. 100-102, but constitute v. 4, no. 200-202; issues for Aug. 29, 1839-Sept. 12, 1839 called v. 4, no. 225, but constitute v. 4, no. 225-227; issues for 1840 and 1841 not numbered; issues for 1842 called v. 9; no issues called v. 5-8.</subfield></datafield><datafield ind1=" " ind2=" " tag="530"><subfield code="a">Also issued on microfilm from the Univ. of Chicago, Photoduplication Dept.</subfield></datafield><datafield ind1=" " ind2=" " tag="530"><subfield code="a">Also issued on microfilm by American Theological Library Association.</subfield></datafield><datafield ind1=" " ind2=" " tag="580"><subfield code="a">Formed by the union of: Baptist banner (Shelbyville, Ky.), and: Western pioneer.</subfield></datafield><datafield ind1=" " ind2=" " tag="588"><subfield code="a">Description based on: Vol. 4, no. 193 (Jan. 17, 1839).</subfield></datafield><datafield ind1=" " ind2="0" tag="650"><subfield code="a">Baptists</subfield><subfield code="z">United States</subfield><subfield code="v">Newspapers.</subfield></datafield><datafield ind1=" " ind2="0" tag="651"><subfield code="a">Floyd County (Ind.)</subfield><subfield code="v">Newspapers.</subfield></datafield><datafield ind1=" " ind2="0" tag="651"><subfield code="a">New Albany (Ind.)</subfield><subfield code="v">Newspapers.</subfield></datafield><datafield ind1=" " ind2="0" tag="651"><subfield code="a">Louisville (Ky.)</subfield><subfield code="v">Newspapers.</subfield></datafield><datafield ind1=" " ind2="0" tag="651"><subfield code="a">Jefferson County (Ky.)</subfield><subfield code="v">Newspapers.</subfield></datafield><datafield ind1=" " ind2="7" tag="655"><subfield code="a">Newspapers.</subfield><subfield code="2">fast</subfield><subfield code="0">(OCoLC)fst01423814</subfield></datafield><datafield ind1=" " ind2="7" tag="650"><subfield code="a">Baptists.</subfield><subfield code="2">fast</subfield><subfield code="0">(OCoLC)fst00827285</subfield></datafield><datafield ind1=" " ind2="7" tag="651"><subfield code="a">Indiana</subfield><subfield code="z">Floyd County.</subfield><subfield code="2">fast</subfield><subfield code="0">(OCoLC)fst01218075</subfield></datafield><datafield ind1=" " ind2="7" tag="651"><subfield code="a">Indiana</subfield><subfield code="z">New Albany.</subfield><subfield code="2">fast</subfield><subfield code="0">(OCoLC)fst01212578</subfield></datafield><datafield ind1=" " ind2="7" tag="651"><subfield code="a">Kentucky</subfield><subfield code="z">Jefferson County.</subfield><subfield code="2">fast</subfield><subfield code="0">(OCoLC)fst01205464</subfield></datafield><datafield ind1=" " ind2="7" tag="651"><subfield code="a">Kentucky</subfield><subfield code="z">Louisville.</subfield><subfield code="2">fast</subfield><subfield code="0">(OCoLC)fst01204602</subfield></datafield><datafield ind1=" " ind2="7" tag="651"><subfield code="a">United States.</subfield><subfield code="2">fast</subfield><subfield code="0">(OCoLC)fst01204155</subfield></datafield><datafield ind1=" " ind2=" " tag="752"><subfield code="a">United States</subfield><subfield code="b">Kentucky</subfield><subfield code="c">Jefferson</subfield><subfield code="d">Louisville.</subfield></datafield><datafield ind1=" " ind2=" " tag="752"><subfield code="a">United States</subfield><subfield code="b">Indiana</subfield><subfield code="c">Floyd</subfield><subfield code="d">New Albany.</subfield></datafield><datafield ind1="1" ind2=" " tag="776"><subfield code="c">Microfilm</subfield><subfield code="d">American Theological Library Association</subfield><subfield code="w">(DLC)  2003221081</subfield><subfield code="w">(OCoLC)51721111</subfield></datafield><datafield ind1="1" ind2="4" tag="780"><subfield code="t">Baptist banner (Shelbyville, Ky.)</subfield><subfield code="w">(DLC)sn 82016162</subfield><subfield code="w">(OCoLC)39920133</subfield></datafield><datafield ind1="1" ind2="4" tag="780"><subfield code="t">Western pioneer (Upper Alton, Ill.)</subfield><subfield code="w">(DLC)sn 91054133</subfield><subfield code="w">(OCoLC)16680233</subfield></datafield><datafield ind1="0" ind2="5" tag="780"><subfield code="t">Baptist (Nashville, Tenn.)</subfield><subfield code="g">Feb. 14, 1839-1842</subfield><subfield code="w">(DLC)sn 88084087</subfield><subfield code="w">(OCoLC)7646204</subfield></datafield><datafield ind1="0" ind2="0" tag="785"><subfield code="t">Baptist banner (Louisville, Ky.)</subfield><subfield code="w">(DLC)sn 83016335</subfield><subfield code="w">(OCoLC)9726592</subfield></datafield></record>